%% LaTeX2e file `chunky.bib'
%% generated by the `filecontents' environment
%% from source `chunky' on 2020/06/12.
%%
%-------------------------------------------------------------------------------
@Book{sandvineinternet,
  title =        {The Global Internet Phenomena Report},
  publisher =    {Sandvine},
  year =         2019,
  note =         {\url{https://www.sandvine.com/global-internet-phenomena-report-2019}}
}
@Book{arpachiDusseau18:osbook,
  author =       {Arpaci-Dusseau, Remzi H. and Arpaci-Dusseau Andrea C.},
  title =        {Operating Systems: Three Easy Pieces},
  publisher =    {Arpaci-Dusseau Books, LLC},
  year =         2015,
  edition =      {1.00},
  note =         {\url{http://pages.cs.wisc.edu/~remzi/OSTEP/}}
}
@InProceedings{waldspurger02,
  author =       {Waldspurger, Testing Carl A.},
  title =        {Memory resource management in {VMware ESX} server},
  booktitle =    {USENIX Symposium on Operating System Design and
                  Implementation (OSDI)},
  year =         2002,
  pages =        {181--194},
  note =         {\url{https://www.usenix.org/legacy/event/osdi02/tech/waldspurger/waldspurger.pdf}}
}
@InProceedings{ghemawatgobioffleung03:gfspaper,
  author =       {Ghemawat S., Gobioff H. and Leung S.-T.},
  title =        {The Google File System},
  booktitle =    {ACM Symposium on Operating Systems Principles},
  year =         2003,
  note =         {\url{https://static.googleusercontent.com/media/research.google.com/en//archive/gfs-sosp2003.pdf}}
}
